@article{wager2024_sequential_validation_hte,
  title = {Sequential Validation for Heterogeneous Treatment Effects},
  author = {Wager, Stefan},
  journal = {arXiv preprint arXiv:2401.06818},
  year = {2024},
  url = {https://arxiv.org/abs/2401.06818}
}